@book{bach_sorenson_1989,
	place={Madison, WI},
	title={Sieve algorithms for perfect power testing},
	publisher={University of Wisconsin-Madison, Computer Science Dept.},
	author={Bach, Eric and Sorenson, Jonathan},
	year={1989}
}

@misc{bjarne_stroustrup,
	title={Bjarne Stroustrup},
	autor={Wikipedia},
	url={https://es.wikipedia.org/wiki/Bjarne_Stroustrup},
	howpublished={\url{https://es.wikipedia.org/wiki/Bjarne_Stroustrup}},
	journal={Wikipedia},
	publisher={Wikimedia Foundation},
	year={2020},
	month={Jul}
}

@misc{cmake,
	title={C{M}ake build system},
	author={Kitware},
	url={https://cmake.org/},
	howpublished={\url{https://cmake.org/}},
	journal={CMake}
}

@misc{conan,
	title={Conan: The Open Source {C}/{C}++ Package Manager for Developers},
	author={J{F}rog},
	url={https://conan.io/},
	howpublished={\url{https://conan.io/}},
	journal={C/C++ Open Source Package Manager}
}

@misc{cppcheck,
	title={Cppcheck},
	author={Daniel Marjamäki},
	url={https://cppcheck.sourceforge.io/},
	howpublished={\url{https://cppcheck.sourceforge.io/}},
	journal={Cppcheck}
}

@misc{clang_tidy,
	title={Clang-tidy},
	author={L{L}{V}{M} {F}oundation},
	url={https://clang.llvm.org/extra/clang-tidy/},
	howpublished={\url{https://clang.llvm.org/extra/clang-tidy/}},
	journal={Clang}
}

@misc{vscode,
	title={Visual Studio Code - Code Editing. Redefined},
	url={https://code.visualstudio.com/},
	howpublished={\url{https://code.visualstudio.com/}},
	journal={RSS},
	publisher={Microsoft},
	author={Microsoft},
	year={2016},
	month={Apr}
}

@article{modern_computer_algebra,
	title={Modern Computer Algebra},
	DOI={10.1017/cbo9781139856065},
	author={Gathen, Joachim Von Zur and Gerhard, Jurgen},
	year={2009}
}

@article{granville_2004,
	title={It is easy to determine whether a given integer is prime},
	volume={42},
	DOI={10.1090/s0273-0979-04-01037-7},
	number={1},
	journal={Bulletin of the American Mathematical Society},
	author={Granville, Andrew},
	year={2004},
	pages={3–38}
}

@article{fouvry_1985,
	title={Theoreme de Brun-Titchmarsh; application au theoreme de Fermat},
	volume={79},
	DOI={10.1007/bf01388980},
	number={2},
	journal={Inventiones Mathematicae},
	author={Fouvry},
	year={1985},
	pages={383–407}
}

@article{digital_signature_standard,
	title={Digital Signature Standard},
	url={https://nvlpubs.nist.gov/nistpubs/FIPS/NIST.FIPS.186-4.pdf},
	DOI={10.6028/nist.fips.186-4},
	year={2013}
}

@article{rabin_1980,
	title={Probabilistic algorithm for testing primality},
	volume={12},
	DOI={10.1016/0022-314x(80)90084-0},
	number={1},
	journal={Journal of Number Theory},
	author={Rabin, Michael O},
	year={1980},
	pages={128–138}
}

@article{bach_1990,
	title={Explicit bounds for primality testing and related problems},
	volume={55},
	DOI={10.1090/s0025-5718-1990-1023756-8},
	number={191},
	journal={Mathematics of Computation},
	author={Bach, Eric},
	year={1990},
	pages={355–380}
}

@misc{primes_is_in_p,
	title={{PRIMES} is in {P}},
	author={Agrawal, Manindra and Kayal, Neeraj and Saxena, Nitin},
	url={https://www.cse.iitk.ac.in/users/manindra/algebra/primality_v6.pdf},
	howpublished={\url{https://www.cse.iitk.ac.in/users/manindra/algebra/primality_v6.pdf}},
	year={2004}
}

@article{AKS2019,
	title = {Errata: {PRIMES} is in {P}},
	volume = {189},
	issn = {0003-486X},
	url = {https://doi.org/10.4007/annals.2019.189.1.6},
	doi = {10.4007/annals.2019.189.1.6},
	number = {1},
	journal = {Ann. of Math. (2)},
	author = {Agrawal, Manindra and Kayal, Neeraj and Saxena, Nitin},
	year = {2019},
	keywords = {primes, number theory},
	pages = {317--318},
}

@article{AKS2004,
	title = {{PRIMES} is in {P}},
	volume = {160},
	issn = {0003-486X},
	url = {https://doi.org/10.4007/annals.2004.160.781},
	doi = {10.4007/annals.2004.160.781},
	number = {2},
	journal = {Ann. of Math. (2)},
	author = {Agrawal, Manindra and Kayal, Neeraj and Saxena, Nitin},
	year = {2004},
	keywords = {primes},
	pages = {781--793},
}

@article{cohen_1993,
	title={Algorithms for Algebraic Number Theory II},
	DOI={10.1007/978-3-662-02945-9_6},
	journal={A Course in Computational Algebraic Number Theory Graduate Texts in Mathematics},
	author={Cohen, Henri},
	year={1993},
	pages={297–359}
}

@misc{gmp_man_2020,
	title={G{N}{U} {M}{P} 6.2.1},
	url={https://gmplib.org/manual/},
	howpublished={\url{https://gmplib.org/manual/}},
	journal={Top (GNU MP 6.2.1)},
	note={Recurso online. Accedido el 16 de noviembre de 2021}
}

@article{cooley_tukey_1969,
	title={An Algorithm for the Machine Calculation of Complex Fourier Series},
	author={James Cooley and John Tukey},
	DOI={10.7551/mitpress/5222.003.0014},
	journal={Papers on Digital Signal Processing},
	year={1969}
}

@misc{fgallego_tfg_github,
	title={TFG},
	author={Francisco Gallego Salido},
	url={https://github.com/fgallegosalido/TFG},
	howpublished={\url{https://github.com/fgallegosalido/TFG}}
}

@article{matsumoto_nishimura_1998,
	title={Mersenne twister},
	volume={8},
	DOI={10.1145/272991.272995},
	number={1},
	journal={ACM Transactions on Modeling and Computer Simulation},
	author={Matsumoto, Makoto and Nishimura, Takuji},
	year={1998},
	pages={3–30}
}

@misc{50a,
	title={Remarks on Agrawal's Conjecture},
	author={H. W. Lenstra{,} Jr. and Carl Pomerance},
	url={https://aimath.org/WWN/primesinp/articles/html/50a/},
	howpublished={\url{https://aimath.org/WWN/primesinp/articles/html/50a/}},
	journal={50a},
	year={2003}
}

@book{mullen_panario_2013,
	place={Boca Raton, FL},
	title={Handbook of finite fields},
	publisher={Chapman & Hall/CRC},
	author={Mullen, Gary L. and Panario, Daniel},
	year={2013}
}
